%% This BibTeX bibliography file was created using BibDesk.
%% http://bibdesk.sourceforge.net/


%% Created for Knut Zoch at 2016-03-26 17:24:27 +0100 


%% Saved with string encoding Unicode (UTF-8) 



@article{Sitar1991,
	Author = {Z. Sitar and M.J. Paisley and B. Yan and R.F. Davis and J. Ruan and J.W. Choyke},
	Date = {1991},
	Date-Added = {2016-03-26 16:24:24 +0000},
	Date-Modified = {2016-03-26 16:24:24 +0000},
	Doi = {10.1016/0040-6090(91)90203-A},
	Issn = {0040-6090},
	Journal = {Thin Solid Films},
	Number = {2},
	Owner = {Knut Zoch},
	Pages = {311 - 320},
	Timestamp = {2015-06-06},
	Title = {AlN/GaN superlattices grown by gas source molecular beam epitaxy},
	Url = {http://www.sciencedirect.com/science/article/pii/004060909190203A},
	Volume = {200},
	Bdsk-Url-1 = {http://www.sciencedirect.com/science/article/pii/004060909190203A},
	Bdsk-Url-2 = {http://dx.doi.org/10.1016/0040-6090(91)90203-A}}

@article{PhysRevLett.74.2632,
	Author = {Abachi, S. and Abbott, B. and Abolins, M. and others},
	Collaboration = {{D\O\ Collab.}},
	Date-Modified = {2016-03-26 16:23:39 +0000},
	Doi = {10.1103/PhysRevLett.74.2632},
	Issue = {14},
	Journal = {Phys. Rev. Lett.},
	Month = {Apr},
	Pages = {2632--2637},
	Publisher = {American Physical Society},
	Title = {Observation of the Top Quark},
	Url = {http://link.aps.org/doi/10.1103/PhysRevLett.74.2632},
	Volume = {74},
	Year = {1995},
	Bdsk-Url-1 = {http://link.aps.org/doi/10.1103/PhysRevLett.74.2632},
	Bdsk-Url-2 = {http://dx.doi.org/10.1103/PhysRevLett.74.2632}}

@article{PhysRevLett.100.192004,
	Author = {Abazov, V. M. and Abbott, B. and Abolins, M. and others},
	Collaboration = {{D\O\ Collab.}},
	Date-Modified = {2016-03-26 16:23:49 +0000},
	Doi = {10.1103/PhysRevLett.100.192004},
	Issue = {19},
	Journal = {Phys. Rev. Lett.},
	Month = {May},
	Numpages = {7},
	Pages = {192004},
	Publisher = {American Physical Society},
	Title = {Measurement of the $t\overline{t}$~Production Cross Section in $p\overline{p}$~Collisions at $\sqrt{s}$~= 1.96\,TeV},
	Url = {http://link.aps.org/doi/10.1103/PhysRevLett.100.192004},
	Volume = {100},
	Year = {2008},
	Bdsk-Url-1 = {http://link.aps.org/doi/10.1103/PhysRevLett.100.192004},
	Bdsk-Url-2 = {http://dx.doi.org/10.1103/PhysRevLett.100.192004}}

@article{PhysRevLett.74.2626,
	Author = {Abe, F. and Akimoto, H. and Akopian, A. and others},
	Collaboration = {{CDF Collab.}},
	Date-Modified = {2016-03-26 16:23:30 +0000},
	Doi = {10.1103/PhysRevLett.74.2626},
	Issue = {14},
	Journal = {Phys. Rev. Lett.},
	Month = {Apr},
	Numpages = {0},
	Pages = {2626--2631},
	Publisher = {American Physical Society},
	Title = {Observation of Top Quark Production in $\overline{\mathit{p}}\mathit{p}$~Collisions with the Collider Detector at Fermilab},
	Url = {http://link.aps.org/doi/10.1103/PhysRevLett.74.2626},
	Volume = {74},
	Year = {1995},
	Bdsk-Url-1 = {http://link.aps.org/doi/10.1103/PhysRevLett.74.2626},
	Bdsk-Url-2 = {http://dx.doi.org/10.1103/PhysRevLett.74.2626}}

@article{D0.ConfNote.5607,
	Author = {{D\O\ Collab.}},
	Date-Modified = {2016-03-26 16:23:26 +0000},
	Journal = {D\O\ conference note 5607},
	Month = {Jul},
	Title = {Measurement of $t\bar t$~Production Cross Section in the Lepton + Tau + b-jet(s) + $\not\!\!E_T$ Channel Using 1.2\,fb$^{-1}$ of Run IIb Data},
	Url = {http://www-d0.fnal.gov/Run2Physics/WWW/results/prelim/TOP/T68/T68.pdf},
	Year = {2008, unpublished},
	Bdsk-Url-1 = {http://www-d0.fnal.gov/Run2Physics/WWW/results/prelim/TOP/T68/T68.pdf}}
